@misc{Carrot,
  author = {jeffro256},
  title = {{$\sf{CARROT}$}},
  howpublished = {\url{https://github.com/jeffro256/carrot/blob/master/carrot.md}},
  note = {Accessed: 2024-10-18}
}



@misc{CryptoNote,
  author = {Nicolas van Saberhagen},
  title = {{CryptoNote v2.0}},
  howpublished = {\url{https://bytecoin.org/old/whitepaper.pdf}},
  note = {Accessed: 2024-10-18}
}


 	
@misc{FCMP,
title = {{FCMP++}},
year = {2024},
author = {Parker, Luke {``Kayaba"}},
howpublished = {},
note = {\url{https://moneroresearch.info/index.php?action=attachments_ATTACHMENTS_CORE&method=downloadAttachment&id=220&resourceId=227&filename=95effbc6d6ad425edb788df9480e0dc64d4d3713}}
}


@misc{Seraphis,
  author = {koe},
  title = {{Seraphis: A Privacy-Preserving Transaction Protocol Abstraction}},
  howpublished = {\url{https://raw.githubusercontent.com/UkoeHB/Seraphis/master/seraphis/Seraphis-0-0-18.pdf}},
  note = {Accessed: 2024-10-18}
}



@misc{ZtoM,
  author = {{koe} and Kurt M. Alonso and Sarang Noether},
  title = {{Zero to Monero}},
  howpublished = {\url{https://www.getmonero.org/library/Zero-to-Monero-2-0-0.pdf}},
  note = {Accessed: 2024-10-18}
}



@misc{WhatIsSeraphis,
  author = {{koe}},
  title = {{What is Seraphis, and Why Should You Care?}},
  howpublished = {\url{https://www.getmonero.org/2021/12/22/what-is-seraphis.html}},
  note = {Accessed: 2024-10-18}
}



@misc{Jamtis,
  author = {{tevador}},
  title = {{JAMTIS}},
  howpublished = {\url{https://gist.github.com/tevador/50160d160d24cfc6c52ae02eb3d17024#1-introduction}},
  note = {Accessed: 2024-10-18}
}



@misc{Lelantus,
      author = {Aram Jivanyan and Aaron Feickert},
      title = {Lelantus Spark: Secure and Flexible Private Transactions},
      howpublished = {Cryptology {ePrint} Archive, Paper 2021/1173},
      year = {2021},
      doi = {10.1007/978-3-031-32415-4_28},
      note = {\url{https://eprint.iacr.org/2021/1173}}
}



@misc{Spark,
      author = {Aram Jivanyan and Aaron Feickert},
      title = {{Lelantus Spark: Secure and Flexible Private Transactions}},
      howpublished = {Cryptology {ePrint} Archive, Paper 2021/1173},
      year = {2021},
      doi = {10.1007/978-3-031-32415-4_28},
      note = {\url{https://eprint.iacr.org/2021/1173}}
}


@misc{FiroLelantus,
  author = {Reuben Yap},
  title = {{Lelantus Spark is live on Firo}},
  howpublished = {\url{https://firo.org/2024/01/18/spark-is-live.html
}},
  note = {Accessed: 2024-10-18}
}





@misc{Triptych,
      author = {Sarang Noether and Brandon Goodell},
      title = {Triptych: ogarithmic-sized linkable ring signatures with applications},
      howpublished = {Cryptology {ePrint} Archive, Paper 2020/018},
      year = {2020},
      note = {\url{https://eprint.iacr.org/2020/018}}
}



@misc{FCMPDev,
  author = {Parker, Luke {``Kayaba"}},
  title = {{Full-Chain Membership Proofs Development}},
  howpublished = {\url{https://www.getmonero.org/2024/04/27/fcmps.html}},
  note = {Accessed: 2024-10-18}
}


@misc{BreakingMoneroEAE,
  author = {{Monero Community Workgroup}},
  title = {{Breaking Monero Episode 09: Poisoned Outputs (EAE Attack)}},
  howpublished = {\url{https://www.youtube.com/watch?v=iABIcsDJKyM&list=PLsSYUeVwrHBnAUre2G_LYDsdo-tD0ov-y&index=10}},
  note = {Accessed: 2024-10-23}
}


@misc{BreakingMoneroJanus,
  author = {Monero Community Workgroup},
  title = {{Breaking Monero Episode 14: Subaddress Association (Janus Attack)}},
  howpublished = {\url{https://www.youtube.com/watch?v=M_IYzzC5Zqk&list=PLsSYUeVwrHBnAUre2G_LYDsdo-tD0ov-y&index=14}},
  note = {Accessed: 2024-10-23}
}




@misc{Groth,
      author = {Jens Groth and Markulf Kohlweiss},
      title = {One-out-of-Many Proofs: Or How to Leak a Secret and Spend a Coin},
      howpublished = {Cryptology {ePrint} Archive, Paper 2014/764},
      year = {2014},
      note = {\url{https://eprint.iacr.org/2014/764}}
}


@misc{Bootle,
      author = {Jonathan Bootle and Andrea Cerulli and Pyrros Chaidos and Essam Ghadafi and Jens Groth and Christophe Petit},
      title = {Short Accountable Ring Signatures Based on {DDH}},
      howpublished = {Cryptology {ePrint} Archive, Paper 2015/643},
      year = {2015},
      note = {\url{https://eprint.iacr.org/2015/643}}
}



@misc{CLSAG,
      author = {Brandon Goodell and Sarang Noether and Arthur Blue},
      title = {Concise Linkable Ring Signatures and Forgery Against Adversarial Keys},
      howpublished = {Cryptology {ePrint} Archive, Paper 2019/654},
      year = {2019},
      note = {\url{https://eprint.iacr.org/2019/654}}
}



@misc{MoneropediaCLSAG,
  author = {Moneropedia},
  title = {{CLSAG}},
  howpublished = {\url{https://www.getmonero.org/resources/moneropedia/clsag.html}},
  note = {Accessed: 2024-10-23}
}




@misc{MLSAG,
      author = {Shen Noether},
      title = {Ring Signature Confidential Transactions for Monero},
      howpublished = {Cryptology {ePrint} Archive, Paper 2015/1098},
      year = {2015},
      note = {\url{https://eprint.iacr.org/2015/1098}}
}




@misc{BurningBug,
  author = {dEBRUYNE},
  title = {{A Post Mortem of The Burning Bug}},
  howpublished = {\url{https://www.getmonero.org/2018/09/25/a-post-mortum-of-the-burning-bug.html}},
  note = {Accessed: 2024-10-23}
}



@misc{BurningBugPatch,
  author = {{Riccardo “fluffypony” Spagni}},
  title = {{DoS/RPC fixes}},
  howpublished = {\url{https://github.com/monero-project/monero/pull/4438/files}},
  note = {Accessed: 2024-10-23}
}



@misc{ImplemetingSeraphis,
  author = {{koe} and {jeffro256}},
  title = {{Implementing Seraphis (WIP)}},
  howpublished = {\url{https://raw.githubusercontent.com/UkoeHB/Seraphis/master/implementing_seraphis/Impl-Seraphis-0-0-4.pdf}},
  note = {Accessed: 2024-10-23}
}


@misc{BurningBugKayaba,
  author = {{kayabaNerve}},
  title = {Remove the burning bug as a class of attack with a modified shared key definition},
  howpublished = {\url{https://github.com/monero-project/research-lab/issues/103}},
  note = {Accessed: 2024-10-23}
}



@misc{Janus,
  author = {{Justin ``knaccc" Ehrenhofer}},
  title = {Advisory note for users making use of subaddresses},
  howpublished = {\url{https://web.getmonero.org/2019/10/18/subaddress-janus.html}},
  note = {Accessed: 2024-10-23}
}



@misc{JanusMitigation,
  author = {{Sarang Noether}},
  title = {Janus mitigation },
  howpublished = {\url{https://github.com/monero-project/research-lab/issues/62}},
  note = {Accessed: 2024-10-23}
}


@misc{Bullet,
      author = {Benedikt Bünz and Jonathan Bootle and Dan Boneh and Andrew Poelstra and Pieter Wuille and Greg Maxwell},
      title = {Bulletproofs: Short Proofs for Confidential Transactions and More},
      howpublished = {Cryptology {ePrint} Archive, Paper 2017/1066},
      year = {2017},
      note = {\url{https://eprint.iacr.org/2017/1066}}
}


@misc{Bullet+,
      author = {Heewon Chung and Kyoohyung Han and Chanyang Ju and Myungsun Kim and Jae Hong Seo},
      title = {Bulletproofs+: Shorter Proofs for Privacy-Enhanced Distributed Ledger},
      howpublished = {Cryptology {ePrint} Archive, Paper 2020/735},
      year = {2020},
      note = {\url{https://eprint.iacr.org/2020/735}}
}





@misc{Bullet++,
      author = {Liam Eagen and Sanket Kanjalkar and Tim Ruffing and Jonas Nick},
      title = {Bulletproofs++: Next Generation Confidential Transactions via Reciprocal Set Membership Arguments},
      howpublished = {Cryptology {ePrint} Archive, Paper 2022/510},
      year = {2022},
      note = {\url{https://eprint.iacr.org/2022/510}}
}



@misc{Elligator,
      author = {Daniel J.  Bernstein and Mike Hamburg and Anna Krasnova and Tanja Lange},
      title = {Elligator: Elliptic-curve points indistinguishable from uniform random strings},
      howpublished = {Cryptology {ePrint} Archive, Paper 2013/325},
      year = {2013},
      doi = {10.1145/2508859.2516734},
      note = {\url{https://eprint.iacr.org/2013/325}}
}


@misc{ElligatorOrg,
  author = {Loup Vaillant},
  title = {Elligator: Hiding cryptographic key exchange as random noise},
  howpublished = {\url{https://elligator.org/}},
  note = {Accessed: 2024-10-30}
}


@misc{Keccak,
  author = {Guido Bertoni and Joan Daemen and Seth Hoffert and Michaël Peeters and Gilles Van Assche  and Ronny Van Keer},
  title = {Keccak},
  howpublished = {\url{https://keccak.team/keccak.html}},
  note = {Accessed: 2024-11-1}
}


@misc{Blake,
      author = {Jean-Philippe Aumasson and Samuel Neves and Zooko Wilcox-O'Hearn and Christian Winnerlein},
      title = {{BLAKE2}: simpler, smaller, fast as {MD5}},
      howpublished = {Cryptology {ePrint} Archive, Paper 2013/322},
      year = {2013},
      note = {\url{https://eprint.iacr.org/2013/322}}
}



@misc{ArithCurcuits,
      author = {Jonathan Bootle and Andrea Cerulli and Pyrros Chaidos and Jens Groth and Christophe Petit},
      title = {Efficient Zero-Knowledge Arguments for Arithmetic Circuits in the Discrete Log Setting},
      howpublished = {Cryptology {ePrint} Archive, Paper 2016/263},
      year = {2016},
      note = {\url{https://eprint.iacr.org/2016/263}}
}



@article{CoinFlipping,
author = {Blum, Manuel},
title = {Coin flipping by telephone a protocol for solving impossible problems},
year = {1983},
issue_date = {Winter-Spring 1983},
publisher = {Association for Computing Machinery},
address = {New York, NY, USA},
volume = {15},
number = {1},
issn = {0163-5700},
note = {\url{https://doi.org/10.1145/1008908.1008911}},
doi = {10.1145/1008908.1008911},
journal = {SIGACT News},
month = jan,
pages = {23–27},
numpages = {5}
}



@phdthesis{Marvinthesis,
  title={Zero-Knowledge Reductions and Confidential Arithmetic},
  author={Jones, Marvin},
  year={2023},
  school={Clemson University},
  note={\url{https://tigerprints.clemson.edu/all_dissertations/3472}}
}


@misc{FCMP1,
  author = {Parker, Luke {``Kayaba"}},
  title = {Full Chain Membership Proofs: Solving One of Monero’s Last Privacy Hurdles},
  howpublished = {\url{https://www.youtube.com/watch?v=vrCAiLPfXlg}},
  note = {Accessed: 2024-11-12}
}


@misc{CurveTrees,
      author = {Matteo Campanelli and Mathias Hall-Andersen and Simon Holmgaard Kamp},
      title = {Curve Trees: Practical and Transparent Zero-Knowledge Accumulators},
      howpublished = {Cryptology {ePrint} Archive, Paper 2022/756},
      year = {2022},
      note = {\url{https://eprint.iacr.org/2022/756}}
}



@misc{EllipticCurve,
      author = {Liam Eagen},
      title = {Zero Knowledge Proofs of Elliptic Curve Inner Products from Principal Divisors and Weil Reciprocity},
      howpublished = {Cryptology {ePrint} Archive, Paper 2022/596},
      year = {2022},
      note = {\url{https://eprint.iacr.org/2022/596}}
}


@misc{DiscLog,
      author = {Melissa Chase and Michele Orrù and Trevor Perrin and Greg Zaverucha},
      title = {Proofs of discrete logarithm equality across groups},
      howpublished = {Cryptology {ePrint} Archive, Paper 2022/1593},
      year = {2022},
      note = {\url{https://eprint.iacr.org/2022/1593}}
}


@misc{FCMPRetro,
  author = {Parker, Luke {``Kayaba"}},
  title = {Retroactive funding for work on full-chain membership proofs},
  howpublished = {\url{https://ccs.getmonero.org/proposals/kayabaNerve-fcmp-retroactive.html}},
  note = {Accessed: 2024-11-12}
}


@misc{FCMPCCS,
  author = {Parker, Luke {``Kayaba"}},
  title = {{Full-Chain Membership Proofs + Spend Authorization + Linkability Development CCS}},
  howpublished = {\url{https://ccs.getmonero.org/proposals/fcmp++-development.html}},
  note = {Accessed: 2024-11-12}
}



@misc{QuantumOneWay,
      title={Non-Interactive Statistically-Hiding Quantum Bit Commitment from Any Quantum One-Way Function}, 
      author={Takeshi Koshiba and Takanori Odaira},
      year={2011},
      eprint={1102.3441},
      archivePrefix={arXiv},
      primaryClass={quant-ph},
      note={\url{https://arxiv.org/abs/1102.3441}}
}


@misc{Zecrey,
  author = {Zecrey Protocol},
  title = {Pedersen Commitment in Zecrey},
  howpublished = {\url{https://zecrey.medium.com/pedersen-commitment-in-zecrey-170981f71b86}},
  note = {Accessed: 2024-11-13}
}


@misc{RingSigs,
      author = {Adam Bender and Jonathan Katz and Ruggero Morselli},
      title = {Ring Signatures: Stronger Definitions, and Constructions without Random Oracles},
      howpublished = {Cryptology {ePrint} Archive, Paper 2005/304},
      year = {2005},
      note = {\url{https://eprint.iacr.org/2005/304}}
}



@misc{LelantusCurveTrees,
      author = {Aram Jivanyan},
      title = {Lelantus Spark with Curve Trees},
      howpublished = {\url{https://firo.org/about/research/papers/Lelantus_Sparks_with_Curve_Trees__Implementation_Notes.pdf}},
      note = {Accessed: 2024-11-13}
}


@misc{Zether,
      author = {Benedikt Bünz and Shashank Agrawal and Mahdi Zamani and Dan Boneh},
      title = {Zether: Towards Privacy in a Smart Contract World},
      howpublished = {Cryptology {ePrint} Archive, Paper 2019/191},
      year = {2019},
      note = {\url{https://eprint.iacr.org/2019/191}}
}


@misc{PGC,
      author = {Yu Chen and Xuecheng Ma and Cong Tang and Man Ho Au},
      title = {{PGC}: Pretty Good Decentralized Confidential Payment System with Auditability},
      howpublished = {Cryptology {ePrint} Archive, Paper 2019/319},
      year = {2019},
      note = {\url{https://eprint.iacr.org/2019/319}}
}


@misc{MERCAT,
      author = {Aram Jivanyan and Jesse Lancaster and Arash Afshar and Parnian Alimi},
      title = {{MERCAT}: Mediated, Encrypted, Reversible, {SeCure} Asset Transfers},
      howpublished = {Cryptology {ePrint} Archive, Paper 2021/106},
      year = {2021},
      note = {\url{https://eprint.iacr.org/2021/106}}
}


@misc{ZcoinWhitepaper,
      author = {Ian Miers and Christina Garman and Matthew Green and Aviel Rubin},
      title = {{Zerocoin: Anonymous Distributed E-Cash from Bitcoin}},
      howpublished = {\url{https://www.allcryptowhitepapers.com/zcoin-whitepaper/}},
      note = {Accessed: 2024-11-13}
}



@inproceedings{PollardRho,
  title={Monte Carlo Methods for Index Computation (mod p)},
  author={By J. M. Pollard},
  year={2010},
  booktitle={American Mathematical Society: Mathematics of Computation},
  note={\url{https://api.semanticscholar.org/CorpusID:235457090}}
}


@inproceedings{NumberFieldSieve,
  title={The Development of the Number Field Sieve},
  author={Arjen K. Lenstra and Hendrik W. Lenstra},
  year={1993},
  booktitle={Springer: Lecture Notes in Mathematics},
  note={\url{https://api.semanticscholar.org/CorpusID:123670445}}
}





@InProceedings{Birthday,
author="Suzuki, Kazuhiro
and Tonien, Dongvu
and Kurosawa, Kaoru
and Toyota, Koji",
editor="Rhee, Min Surp
and Lee, Byoungcheon",
title="Birthday Paradox for Multi-collisions",
booktitle="Information Security and Cryptology -- ICISC 2006",
year="2006",
publisher="Springer Berlin Heidelberg",
address="Berlin, Heidelberg",
pages="29--40",
isbn="978-3-540-49114-9",
note={\url{https://doi.org/10.1007/11927587_5}}
}



@inproceedings{Wagner,
  title={A generalized birthday problem},
  author={Wagner, David},
  booktitle={Annual International Cryptology Conference},
  pages={288--304},
  year={2002},
  organization={Springer},
  note={\url{https://iacr.org/archive/crypto2002/24420288/24420288.pdf}}
}




@misc{Micciancio,
      author = {Mihir Bellare and Daniele Micciancio},
      title = {A New Paradigm for Collision-free Hashing: Incrementality at Reduced Cost},
      howpublished = {Cryptology {ePrint} Archive, Paper 1997/001},
      year = {1997},
      note = {\url{https://eprint.iacr.org/1997/001}}
}


@misc{CollisionGenerator,
      author = {{hoytech}},
      title = {{XOR Hash Collision Generator}},
      howpublished = {\url{https://github.com/hoytech/xor-hash-collisions}},
      note = {Accessed: 2024-11-15}
}


@inproceedings{PinocchioCoin,
author = {Danezis, George and Fournet, Cedric and Kohlweiss, Markulf and Parno, Bryan},
title = {Pinocchio coin: building zerocoin from a succinct pairing-based proof system},
year = {2013},
isbn = {9781450324892},
publisher = {Association for Computing Machinery},
address = {New York, NY, USA},
url = {https://doi.org/10.1145/2517872.2517878},
doi = {10.1145/2517872.2517878},
booktitle = {Proceedings of the First ACM Workshop on Language Support for Privacy-Enhancing Technologies},
pages = {27–30},
numpages = {4},
location = {Berlin, Germany},
series = {PETShop '13},
note={\url{https://www.microsoft.com/en-us/research/wp-content/uploads/2016/02/pinocoin.pdf}}
}



@InProceedings{Montgomery ,
author="Bernstein, Daniel J.",
editor="Yung, Moti
and Dodis, Yevgeniy
and Kiayias, Aggelos
and Malkin, Tal",
title="Curve25519: New Diffie-Hellman Speed Records",
booktitle="Public Key Cryptography - PKC 2006",
year="2006",
publisher="Springer Berlin Heidelberg",
address="Berlin, Heidelberg",
pages="207--228",
isbn="978-3-540-33852-9",
note={\url{https://doi.org/10.1007/11745853_14}}
}


@misc{Edwards,
      author = {Daniel J.  Bernstein and Niels Duif and Tanja Lange and Peter Schwabe and Bo-Yin Yang},
      title = {High-speed high-security signatures},
      howpublished = {Cryptology {ePrint} Archive, Paper 2011/368},
      year = {2011},
      note = {\url{https://eprint.iacr.org/2011/368}}
}



@misc{ForwardSec,
      author = {{NIST}},
      title = {{Perfect Forward Secrecy (PFS)}},
      howpublished = {\url{https://csrc.nist.gov/glossary/term/perfect_forward_secrecy}},
      note = {Accessed: 2024-11-15}
}


























